THIS FILE IS AUTOMATICALLY GENERATED, DO NOT EDIT!

,-------------------.
|     PREAMBLE      |
`-------------------'

@preamble{ "\providecommand{\noopsort}[1]{}
           \providecommand{\url}{\error{The bib files now require the
           `url' package!}}"
}

,-------------------.
|  BIBTEX ENTRIES   |
`-------------------'

@inproceedings{Abdelzaher_SL_04,
  author =        {Tarek F. Abdelzaher and Vivek Sharma and Chenyang Lu},
  journal =       {ACM Transactions on Computer Systems},
  month =         mar,
  pages =         {334--350},
  publisher =     {IEEE},
  title =         {A utilization bound for aperiodic tasks and priority
                   driven scheduling},
  volume =        {53},
}

@article{Abeni_Buttazzo_04,
  author =        {Luca Abeni and Giorgio Buttazzo},
  journal =       {Real-Time Systems},
  number =        {2},
  pages =         {123--167},
  title =         {Resource Reservation in Dynamic Real-Time Systems},
  volume =        {27},
  year =          {2004},
}

@article{Anderson_RJ_97b,
  author =        {James H. Anderson and Srikanth Ramamurthy and
                   Kevin Jeffay},
  journal =       {ACM Transactions on Computer Systems},
  month =         may,
  number =        {2},
  pages =         {134--165},
  title =         {Real-time Computing with Lock-free Shared Objects},
  volume =        {15},
  year =          {1997},
}

@article{Anderson_Srinivasan_04,
  author =        {James H. Anderson and Anand Srinivasan},
  journal =       {Journal of Computer and System Sciences},
  month =         feb,
  pages =         {157--204},
  title =         {Mixed {Pfair/ERFair} scheduling of asynchronous
                   periodic tasks},
  volume =        {68},
  year =          {2004},
}

@manual{ARINC653,
  key =           {ARINC},
  month =         nov,
  note =          {{ARINC} Standard 653},
  organization =  {{ARINC}},
  title =         {Avionics Application Software Standard Interface},
  year =          {2012},
}

@article{Audsley_NRTW_93,
  author =        {Neil C. Audsley and Alan Burns and M. F. Richardson and
                   Ken W. Tindell and Andy J. Wellings},
  journal =       {Software Engineering Journal},
  month =         sep,
  number =        {5},
  pages =         {284--292},
  title =         {Applying new scheduling theory to static priority
                   preemptive scheduling},
  volume =        {8},
  year =          {1993},
}

@article{Baker_91,
  author =        {T. P. Baker},
  journal =       {Real-Time Systems},
  number =        {1},
  pages =         {67--99},
  title =         {Stack-based scheduling for realtime processes},
  volume =        {3},
  year =          {1991},
}

@online{Barhorst_BBHPSSSSU_09,
  author =        {James Barhorst and Todd Belote and Pam Binns and
                   Jon Hoffman and James Paunicka and Prakash Sarathy and
                   John Scoredos and Peter Stanfill and Douglas Stuart and
                   Russell Urzi},
  key =           {MCAR},
  month =         apr,
  title =         {A Research Agenda for Mixed-Criticality Systems},
  year =          {2009},
  url =           {http://www.cse.wustl.edu/~cdgill/CPSWEEK09_MCAR/},
}

@inproceedings{Baruah_BD_11,
  address =       {Vienna, Austria},
  author =        {Baruah, Sanroy K. and Burns, Alan and Davis, Rob I.},
  booktitle =     {IEEE Real-Time Systems Symposium},
  month =         dec,
  pages =         {34--43},
  publisher =     {IEEE Computer Society},
  title =         {Response-Time Analysis for Mixed Criticality Systems},
  year =          {2011},
  NOdoi = {10.1109/RTSS.2011.12},
}

@inproceedings{Baruah_BDMVS_11,
  address =       {Berlin, Heidelberg},
  author =        {Sanjoy K. Baruah and Vincenzo Bonifaci and
                   Gianlorenzo D'Angelo and Alberto Marchetti-Spaccamela and
                   Van Der Ster, Suzanne and Leen Stougie},
  booktitle =     {Proceedings of the 19th European Conference on
                   Algorithms},
  pages =         {555--566},
  title =         {Mixed-criticality scheduling of sporadic task
                   systems},
  year =          {2011},
}

@article{Baruah_CPV_96,
  author =        {S. K. Baruah and N. K Cohen and C. G. Plaxton and
                   D. A. Varvel},
  journal =       {Algorithmica},
  pages =         {600--625},
  title =         {Proportionate progress: a notion of fairness in
                   resource allocation},
  volume =        {15},
  year =          {1996},
}

@article{Baruah_RH_90,
  author =        {Sanjoy Barauh and Louis E. Rosier and
                   Rodney R. Howell},
  booktitle =     {Real-Time Systems},
  month =         nov,
  number =        {4},
  pages =         {301--324},
  title =         {Algorithms and Complexity Concerning the Preemptive
                   Scheduling of Periodic, Real-Time Tasks on One
                   Processor},
  volume =        {2},
  year =          {1990},
}

@inproceedings{Blackham_TH_12,
  address =       {Seoul, Korea},
  author =        {Blackham, Bernard and Tang, Vernon and
                   Heiser, Gernot},
  booktitle =     {Asia-Pacific Workshop on Systems (APSys)},
  month =         jul,
  pages =         {7},
  publisher =     {ACM},
  title =         {To Preempt or Not To Preempt, That Is the Question},
  year =          {2012},
  NOdoi = {10.1145/2349896.2349904},
}

@inproceedings{Bomberger_FFHLS_92,
  address =       {Seattle, WA, US},
  author =        {Alan C. Bomberger and A. Peri Frantz and
                   William S. Frantz and Ann C. Hardy and Norman Hardy and
                   Charles R. Landau and Jonathan S. Shapiro},
  booktitle =     {Proceedings of the USENIX Workshop on Microkernels
                   and other Kernel Architectures},
  month =         apr,
  pages =         {95--112},
  publisher =     {USENIX Association},
  title =         {The {KeyKOS} Nanokernel Architecture},
  year =          {1992},
}

@inproceedings{Brandenburg_14,
  address =       {Rome, IT},
  author =        {Bj\"{o}rn B. Brandenburg},
  booktitle =     {IEEE Real-Time Systems Symposium},
  month =         dec,
  pages =         {196--206},
  publisher =     {IEEE Computer Society},
  title =         {A Synchronous {IPC} Protocol for Predictable Access
                   to Shared Resources in Mixed-Criticality Systems},
  year =          {2014},
}

@inproceedings{Brandenburg_Anderson_07,
  address =       {Pisa, IT},
  author =        {Bj\"{o}rn B. Brandenburg and James H. Anderson},
  booktitle =     {Proceedings of the 3rd Workshop on Operating System
                   Platforms for Embedded Real-Time Applications
                   (OSPERT)},
  month =         jul,
  pages =         {61--70},
  publisher =     {IEEE Computer Society},
  title =         {Feather-Trace: A Light Weight Event Tracing Toolkit},
  year =          {2007},
}

@inproceedings{Brandenburg_CBLA_08,
  author =        {Bj\"{o}rn B. Brandenburg and John M. Calandrino and
                   Aaron Block and Hennadiy Leontyev and
                   James H. Anderson},
  booktitle =     {IEEE Real-Time and Embedded Technology and
                   Applications Symposium (RTAS)},
  month =         apr,
  pages =         {342--353},
  publisher =     {IEEE Computer Society},
  title =         {Real-time Synchronization on Multiprocessors: to
                   block or not to block, to suspend or spin?},
  year =          {2008},
}

@phdthesis{Brandenburg:phd,
  author =        {Bj\"{o}rn B. Brandenburg},
  note =              {\url{http://cs.unc.edu/~bbb/diss/brandenburg-diss.pdf}},
  school =        {The University of North Carolina at Chapel Hill},
  title =         {Scheduling and Locking in Multiprocessor Real-Time
                   Operating Systems},
  year =          {2011},
}

@inproceedings{Brandt_BLB_03,
  address =       {Cancun, MX},
  author =        {Scott A.\ Brandt and Scott Banachowski and Caixue Lin and
                   Timothy Bisson},
  booktitle =     {IEEE Real-Time Systems Symposium},
  month =         dec,
  pages =         {396--407},
  publisher =     {IEEE Computer Society},
  title =         {Dynamic integrated scheduling of hard real-time, soft
                   real-time and non-real-time processes},
  year =          {2003},
  language =      {english},
}

@article{Broy_KPS_07,
  author =        {Manfred Broy and Ingolf H. Kr\"{u}ger and
                   Alexander Pretschner and Christian Salzman},
  journal =       {Proceedings of the IEEE},
  pages =         {356--373},
  title =         {Engineering Automotive Software},
  volume =        {95},
  year =          {2007},
}

@article{Burns_Davis_17,
  author =        {Alan Burns and Robert I. Davis},
  journal =       {ACM Computing Surveys},
  number =        {6},
  pages =         {1--37},
  title =         {A survey of research into mixed criticality systems},
  volume =        {50},
  year =          {2017},
}

@book{Burns_Wellings:crtpa,
  author =        {Alan Burns and Andy Wellings},
  publisher =     {Cambridge University Press},
  title =         {Concurrent and Real-Time Programming in {Ada}},
  year =          {2007},
}

@article{Buttazzo_05,
  author =        {Giorgio C. Buttazzo},
  journal =       {Real-Time Systems},
  number =        {1},
  pages =         {5--26},
  title =         {Rate monotonic vs. {EDF:} judgment day},
  volume =        {29},
  year =          {2005},
}

@inproceedings{Buttazzo_Stankovic_93,
  author =        {Giorgio C. Buttazzo and John A. Stankovic},
  booktitle =     {Proceedings of the 3rd International Workshop on
                   Responsive Computing Systems},
  pages =         {100--111},
  title =         {{RED}: Robust Earliest Deadline Scheduling},
  year =          {1993},
}

@inproceedings{Caccamo_BS_00,
  address =       {Orlando, FL, USA},
  author =        {Marco Caccamo and Giorgio Buttazzo and Lui Sha},
  booktitle =     {Proceedings of the 21st IEEE Real-Time Systems
                   Symposium},
  month =         nov,
  organization =  {IEEE},
  pages =         {295--304},
  title =         {Capacity Sharing for Overrung Control},
  year =          {2000},
}

@inproceedings{Calandrino_LBDA_06,
  address =       {Rio de Janiero, Brazil},
  author =        {John M. Calandrino and Hennadiy Leontyev and
                   Aaron Block and UmaMaheswari C. Devi and
                   James H. Anderson},
  booktitle =     {IEEE Real-Time Systems Symposium},
  month =         dec,
  pages =         {111--123},
  publisher =     {IEEE Computer Society},
  title =         {{LITMUS}\textsuperscript{RT}: A testbed for
                   empirically comparing real-time multiprocessor
                   schedulers},
  year =          {2006},
}

@inproceedings{Checkoway_MKASSKCRK_11,
  author =        {Stephen Checkoway and Damon McCoy and Brian Kantor and
                   Danny Anderson and Hovav Shacham and Stefan Savage and
                   Karl Koscher and Alexei Czeskis and Franziska Roesner and
                   Tadayoshi Kohno},
  booktitle =     {Proceedings of the 20th USENIX Security Symposium},
  title =         {Comprehensive Experimental Analyses of Automotive
                   Attack Surfaces},
  year =          {2011},
}

@inproceedings{Clements_KZ_13,
  address =       {Prague, CZ},
  author =        {Austin T. Clements and M. Frans Kaashoek and
                   Nickolai Zeldovich},
  booktitle =     {EuroSys Conference},
  month =         apr,
  title =         {{RadixVM}: Scalable address spaces for multithreaded
                   applications},
  year =          {2013},
}

@inproceedings{Cooper_STRS_10,
  address =       {Indianapolis, IN, US},
  author =        {Brian F. Cooper and Adam Silberstein and Erwin Tam and
                   Raghu Ramakrishnan and Russell Sears},
  booktitle =     {ACM Symposium on Cloud Computing},
  month =         jun,
  pages =         {143--154},
  publisher =     {ACM},
  title =         {Benchmarking Cloud Serving Systems with {YCSB}},
  year =          {2010},
}

@online{Corbet_08,
  author =        {Jonathan Corbet},
  month =         sep,
  title =         {\texttt{SCHED\_FIFO} and realtime throttling},
  year =          {2008},
  url =           {https://lwn.net/Articles/296419/},
}

@online{Corbet_09,
  author =        {Johnathan Corbet},
  month =         oct,
  title =         {Deadline scheduling for {Linux}},
  year =          {2009},
  url =           {https://lwn.net/Articles/356576/},
}

@inproceedings{Craciunas_KPRS_09,
  address =       {Nuremburg, DE},
  author =        {Silviu S. Craciunas and Christoph M. Kirsch and
                   Hannes Payer and Harald R\"{o}ck and Ana Sokolova},
  booktitle =     {2nd Workshop on Isolation and Integration in Embedded
                   Systems},
  month =         mar,
  pages =         {19--24},
  publisher =     {ACM},
  title =         {Programmable temporal isolation in real-time and
                   embedded execution environments},
  year =          {2009},
}

@article{Craciunas_KPRS_12,
  author =        {Silviu S. Craciunas and Christoph M. Kirsch and
                   Hannes Payer and Harald R\"{o}ck and Ana Sokolova},
  journal =       {Software Tools for Technology Transfer},
  pages =         {1--21},
  title =         {Temporal Isolation in real-time systems: the {VBS}
                   approach},
  year =          {2012},
}

@inproceedings{Danish_LW_11,
  address =       {Chicago, IL},
  author =        {Matthew Danish and Ye Li and Richard West},
  booktitle =     {IEEE Real-Time Systems Symposium},
  pages =         {169--179},
  title =         {Virtual-{CPU} Scheduling in the Quest Operating
                   System},
  year =          {2011},
}

@article{Davis_Burns_11,
  author =        {Robert I. Davis and Alan Burns},
  journal =       {ACM Computing Surveys},
  month =         oct,
  number =        {4},
  pages =         {35:1--35:44},
  title =         {A Survey of Hard Real-Time scheduling for
                   multiprocessor systems},
  volume =        {43},
  year =          {2011},
}

@inproceedings{deNiz_LR_09,
  address =       {Washington DC, US},
  author =        {Dionisio de Niz and Karthik Lakshmanan and
                   Ragunathan Rajkumar},
  booktitle =     {IEEE Real-Time Systems Symposium},
  pages =         {291--300},
  publisher =     {IEEE Computer Society},
  title =         {On the scheduling of mixed-criticality real-time task
                   sets},
  year =          {2009},
}

@inproceedings{deNiz_LSR_01,
  address =       {London, UK},
  author =        {Dionisio de Niz and Luca Abeni and Saowanee Saewong and
                   Ragunathan Rajkumar},
  booktitle =     {IEEE Real-Time Systems Symposium},
  pages =         {171--180},
  title =         {Resource sharing in reservation-based systems},
  year =          {2001},
}

@inproceedings{deNiz_WSRR_12,
  address =       {Washington DC, US},
  author =        {Dionisio de Niz and Lutz Wrage and Nathaniel Storer and
                   Anthony Rowe and Ragunathan Rajkumar},
  booktitle =     {International Conference on Cyber-Physical Systems},
  pages =         {97--106},
  publisher =     {IEEE Computer Society},
  title =         {On resource overbooking in an unmanned aerial
                   vehicle},
  year =          {2012},
}

@article{Dennis_VanHorn_66,
  author =        {Jack B. Dennis and Van Horn, Earl C.},
  journal =       {Communications of the ACM},
  pages =         {143--155},
  title =         {Programming Semantics for Multiprogrammed
                   Computations},
  volume =        {9},
  year =          {1966},
}

@online{Deos:URL,
  key =           {Deos},
  title =         {Deos, a Time \& Space Partitioned, Multi-core
                   Enabled, {DO-178C} {DAL~A} Certifiable {RTOS}},
  year =          {2018},
  url =           {https://www.ddci.com/products_deos_do_178c_arinc_653/},
}

@phdthesis{Devi:phd,
  address =       {Chapel Hill},
  author =        {UmaMaheswari C. Devi},
  school =        {University of North Carolina},
  title =         {Soft Real-Time Scheduling on Multiprocessors},
  year =          {2006},
}

@inproceedings{Elkaduwe_Derrin_06,
  address =       {Victor Harbor, South Australia, Australia},
  author =        {Dhammika Elkaduwe and Philip Derrin and
                   Kevin Elphinstone},
  booktitle =     {Proceedings of the 2nd International Workshop on
                   Object Systems and Software Architectures},
  month =         jan,
  pages =         {39--43},
  title =         {Kernel Data -- First Class Citizens of the System},
  year =          {2006},
}

@inproceedings{Elphinstone_Heiser_13,
  address =       {Farmington, PA, USA},
  author =        {Elphinstone, Kevin and Heiser, Gernot},
  booktitle =     {ACM Symposium on Operating Systems Principles},
  month =         nov,
  pages =         {133--150},
  title =         {From {L3} to {seL4} -- What Have We Learnt in 20
                   Years of {L4} Microkernels?},
  year =          {2013},
}

@inproceedings{Emberson_SD_10,
  address =       {Brussels, Belgium},
  author =        {Paul Emberson and Roger Stafford and Robert Davis},
  booktitle =     {Workshop on Analysis Tools and Methodologies for
                   Embedded and Real-time Systems},
  month =         jul,
  pages =         {6--11},
  publisher =     {Euromicro},
  title =         {Techniques for the Synthesis of Multiprocessor
                   Tasksets},
  year =          {2010},
}

@article{Ernst_DiNatale_16,
  author =        {Rolf Ernst and Di Natale, Marco},
  journal =       {IEEE Design and Test},
  month =         oct,
  number =        {5},
  pages =         {65--74},
  title =         {Mixed Criticality Systems---A History of
                   Misconceptions?},
  volume =        {33},
  year =          {2016},
}

@online{Faggioli_08,
  author =        {Dario Faggioli},
  month =         aug,
  title =         {{POSIX\_SCHED\_SPORADIC} implementation for tasks and
                   groups},
  year =          {2008},
  url =           {https://lwn.net/Articles/293547/},
}

@inproceedings{Fleming_Burns_13,
  address =       {Vancouver, Canada},
  author =        {Tom Fleming and Alan Burns},
  booktitle =     {Workshop on Mixed Criticality Systems},
  month =         dec,
  pages =         {7--12},
  publisher =     {IEEE Computer Society},
  title =         {Extending Mixed Criticality Scheduling},
  year =          {2013},
}

@inproceedings{Ford_Lepreau_94,
  address =       {Berkeley, CA, USA},
  author =        {Bryan Ford and Jay Lepreau},
  booktitle =     {Proceedings of the 1994 Winter USENIX Technical
                   Conference},
  pages =         {97--114},
  publisher =     {USENIX Association},
  title =         {Evolving {Mach} 3.0 to a Migrating Thread Model},
  year =          {1994},
}

@inproceedings{Gabber_SBBS_99,
  address =       {Monterey, CA, USA},
  author =        {Eran Gabber and Christopher Small and John Bruno and
                   Jos{\'e} Brustoloni and Avi Silberschatz},
  booktitle =     {Proceedings of the 1999 USENIX Annual Technical
                   Conference},
  month =         jun,
  pages =         {267--282},
  publisher =     {USENIX Association},
  title =         {The {Pebble} Component-Based Operating System},
  year =          {1999},
}

@manual{FreeRTOS:URL,
  key =           {FreeRTOS},
  note =          {\url{https://www.freertos.org}},
  title =         {FreeRTOS},
  year =          {2012},
}

@inproceedings{Gadepalli_GBKP_17,
  address =       {Paris, France},
  author =        {Phani Kishore Gadepalli and Robert Gifford and
                   Lucas Baier and Michael Kelly and Gabriel Parmer},
  booktitle =     {Proceedings of the 38th IEEE Real-Time Systems
                   Symposium},
  month =         dec,
  pages =         {56--67},
  publisher =     {IEEE Computer Society},
  title =         {Temporal capabilities: Access Control for Time},
  year =          {2017},
}

@inproceedings{Gai_DL_03,
  address =       {Washington, DC, USA},
  author =        {Paolo Gai and Marco Di Natale and Guiseppe Lipari and
                   Alberto Ferrari and Claudio Gabellini},
  booktitle =     {Proceedings of the 9th IEEE Real-Time and Embedded
                   Technology and Applications Symposium (RTAS)},
  month =         may,
  pages =         {189--198},
  title =         {A comparison of {MPCP} and {MSRP} when sharing
                   resources in the {Janus} multiple-processor on a chip
                   platform},
  year =          {2003},
}

@article{Ge_YCH_18,
  author =        {Ge, Qian and Yarom, Yuval and Cock, David and
                   Heiser, Gernot},
  journal =       {Journal of Cryptographic Engineering},
  month =         apr,
  pages =         {1-27},
  publisher =     {Springer-Verlag Berlin Heidelberg},
  type =          {Journal Article - Refereed},
  title =         {{A} Survey of Microarchitectural Timing Attacks and
                   Countermeasures on Contemporary Hardware},
  volume =        {8},
  year =          {2018},
  NOdoi = {https://doi.org/10.1007/s13389-016-0141-6},
  NOissn = {2190-8508},
}

@inproceedings{Gu_SCWKSC_16,
  address =       {Savannah, GA, US},
  author =        {Ronghui Gu and Zhong Shao and Hao Chen and
                   Xiongnan (Newman) Wu and Jieung Kim and
                   Vilhelm Sj\"{o}berg and David Costanzo},
  booktitle =     {USENIX Symposium on Operating Systems Design and
                   Implementation},
  month =         nov,
  pages =         {653--669},
  publisher =     {USENIX Association},
  title =         {{CertiKOS}: An Extensible Architecture for Building
                   Certified Concurrent {OS} Kernels},
  year =          {2016},
}

@inproceedings{Guthaus_REAMB_01,
  address =       {Washington, DC, USA},
  author =        {Mathhew R Guthaus and Jeffrey S. Reingenberg and
                   Dan Ernst and Todd M. Austing and Trevor Mudge and
                   Richard B. Brown},
  booktitle =     {Proceedings of the 4th IEEE Annual Workshop on
                   Workload Characterization},
  month =         dec,
  pages =         {3--14},
  publisher =     {IEEE Computer Society},
  title =         {{MiBench}: A free, commercially representative
                   embedded benchmark suite},
  year =          {2001},
}

@inproceedings{Haertig_BBHHMRSW_98,
  address =       {Sintra, Portugal},
  author =        {Hermann H{\"a}rtig and Robert Baumgartl and
                   Martin Borriss and Claude-Joachim Hamann and
                   Michael Hohmuth and Frank Mehnert and Lars Reuther and
                   Sebastian Sch\"{o}nberg and Jean Wolter},
  booktitle =     {Proceedings of the 8th SIGOPS European Workshop},
  month =         sep,
  title =         {{DROPS}---{OS} Support for Distributed Multimedia
                   Applications},
  year =          {1998},
}

@inproceedings{Harbour_93,
  author =        {Michael Gonzalez Harbour},
  booktitle =     {{VVConex} International Conference},
  title =         {Real-Time {POSIX}: An Overview},
  year =          {1993},
}

@inproceedings{Harbour_Palencia_03,
  address =       {Cancun, Mexico},
  author =        {Michael Gonzalez Harbour and
                   Jos\'{e} Carlos Palencia},
  booktitle =     {Proceedings of the 24th IEEE Real-Time Systems
                   Symposium},
  month =         dec,
  title =         {Response time analysis for tasks scheduled under
                   {EDF} within fixed priorities},
  year =          {2003},
}

@article{Hardy_88,
  author =        {Norm Hardy},
  journal =       {ACM Operating Systems Review},
  number =        {4},
  pages =         {36--38},
  title =         {The Confused Deputy (or Why Capabilities Might Have
                   Been Invented)},
  volume =        {22},
  year =          {1988},
}

@inproceedings{Hartig_HLSW_97,
  address =       {St. Malo, FR},
  author =        {Hermann H{\"a}rtig and Michael Hohmuth and
                   Jochen Liedtke and Sebastian Sch{\"o}nberg and
                   Jean Wolter},
  booktitle =     {ACM Symposium on Operating Systems Principles},
  month =         oct,
  pages =         {66--77},
  title =         {The Performance of $\mu$-Kernel-Based Systems},
  year =          {1997},
}

@article{Heiser_Elphinstone_16,
  author =        {Heiser, Gernot and Elphinstone, Kevin},
  journal =       {ACM Transactions on Computer Systems},
  month =         apr,
  number =        {1},
  pages =         {1:1-1:29},
  title =         {L4 Microkernels: The Lessons from 20 Years of
                   Research and Deployment},
  volume =        {34},
  year =          {2016},
  NOdoi = {10.1145/2893177},
}

@article{Herder_BGHT_06,
  author =        {Jorrit N. Herder and Herbert Bos and Ben Gras and
                   Philip Homburg and Andrew S. Tanenbaum},
  journal =       {ACM Operating Systems Review},
  month =         jul,
  number =        {3},
  pages =         {80--89},
  title =         {{MINIX} 3: A Highly Reliable, Self-Repairing
                   Operating System},
  volume =        {40},
  year =          {2006},
}

@inproceedings{Hergenhan_Heiser_08,
  address =       {Hamburg, Germany},
  author =        {Hergenhan, Andr\'e and Heiser, Gernot},
  booktitle =     {6th Embedded Security in Cars Conference (escar)},
  month =         nov,
  pages =         {3 pages},
  title =         {Operating Systems Technology for Converged {ECUs}},
  year =          {2008},
}

@inproceedings{Herman_KMAJ_12,
  author =        {Jonathan L. Herman and Christopher J. Kenna and
                   Malcolm S. Mollison and James H. Andersony and
                   Daniel M. Johnson},
  booktitle =     {IEEE Real-Time and Embedded Technology and
                   Applications Symposium (RTAS)},
  title =         {{RTOS} Support for Multicore Mixed-Criticality
                   Systems},
  year =          {2012},
}

@techreport{Hohmuth_02,
  author =        {Michael Hohmuth},
  institution =   {TU Dresden, DE},
  month =         jul,
  number =        {TUD-FI02-06-Juli-2002},
  title =         {The {Fiasco} kernel: System architecture},
  year =          {2002},
}

@manual{Intel_64_IA-32:asdmspg_325384,
  key =           {Intel 64 \& IA-32 ASDM},
  month =         sep,
  organization =  {Intel Corporation},
  title =         {{Intel} 64 and {IA-32} Architectures Software
                   Developer's Manual Volume 3({3A}, {3B}, {3C} \&
                   {3D}): System Programming Guide},
  year =          {2016},
}

@article{Kantee_Cormack_14,
  author =        {Antti Kantee and Justin Cormack},
  journal =       {USENIX ;login:},
  month =         oct,
  number =        {5},
  pages =         {11--17},
  title =         {Rump Kernels: No {OS}? {No} Problem!},
  volume =        {29},
  year =          {2014},
}

@article{Kato_IR_11,
  address =       {Norwell, MA, US},
  author =        {Shinpei Kato and Yutaka Ishikawa and
                   Ragunathan (Raj) Rajkumar},
  journal =       {Real-Time Systems},
  month =         sep,
  number =        {5},
  pages =         {454--488},
  publisher =     {Kluwer Academic Publishers},
  title =         {{CPU} scheduling and memory management for
                   interactive real-time applications},
  volume =        {47},
  year =          {2011},
}

@inproceedings{Kinnan_Wlad_04,
  address =       {Salt Lake City, UT, US},
  author =        {Larry Kinnan and Joseph Wlad},
  booktitle =     {IEEE/AIAA Digital Avionics Systems Conference (DASC)},
  month =         oct,
  pages =         {10.B.1-1--10.B.1-8},
  publisher =     {IEEE Aerospace and Electronic System Society},
  title =         {Porting applications to an {ARINC653} compliant {IMA}
                   platform using {VxWorks} as an example},
  year =          {2004},
}

@inproceedings{Kitayama_NT_93,
  address =       {San Diego, CA, US},
  author =        {Takuro Kitayama and Tatsuo Nakajima and
                   Hideyuki Tokuda},
  booktitle =     {Proceedings of the 2nd USENIX Workshop on
                   Microkernels and other Kernel Architectures},
  month =         sep,
  pages =         {91--103},
  title =         {{RT-IPC}: An {IPC} Extension for Real-Time {Mach}},
  year =          {1993},
}

@article{Klein_AEMSKH_14,
  author =        {Klein, Gerwin and Andronick, June and
                   Elphinstone, Kevin and Murray, Toby and
                   Sewell, Thomas and Kolanski, Rafal and
                   Heiser, Gernot},
  journal =       {ACM Transactions on Computer Systems},
  month =         feb,
  number =        {1},
  pages =         {2:1-2:70},
  title =         {Comprehensive Formal Verification of an {OS}
                   Microkernel},
  volume =        {32},
  year =          {2014},
  NOdoi = {10.1145/2560537},
}

@inproceedings{Klein_EHACDEEKNSTW_09,
  address =       {Big Sky, MT, USA},
  author =        {Klein, Gerwin and Elphinstone, Kevin and
                   Heiser, Gernot and Andronick, June and Cock, David and
                   Derrin, Philip and Elkaduwe, Dhammika and
                   Engelhardt, Kai and Kolanski, Rafal and
                   Norrish, Michael and Sewell, Thomas and Tuch, Harvey and
                   Winwood, Simon},
  booktitle =     {ACM Symposium on Operating Systems Principles},
  month =         oct,
  pages =         {207--220},
  publisher =     {ACM},
  title =         {{seL4}: Formal Verification of an {OS} Kernel},
  year =          {2009},
}

@inproceedings{Koren_Shasha_95,
  author =        {Gilard Koren and Dennis Shasha},
  booktitle =     {IEEE Real-Time Systems Symposium},
  pages =         {110--117},
  title =         {Skip-over: algorithms and complexity for overloaded
                   systems that allow skips},
  year =          {1995},
}

@inproceedings{Lackorzynski_WVH_12,
  address =       {Tampere, SF},
  author =        {Adam Lackorzy\'{n}ski and Alexander Warg and
                   Marcus V\"{o}lp and Hermann H\"{a}rtig},
  booktitle =     {International Conference on Embedded Software},
  month =         oct,
  pages =         {93--102},
  publisher =     {USENIX Association},
  title =         {Flattening Hierarchical Scheduling},
  year =          {2012},
}

@inproceedings{Lamastra_LA_01,
  address =       {London, UK},
  author =        {Gerardo Lamastra and Giuseppe Lipari and Luca Abeni},
  booktitle =     {IEEE Real-Time Systems Symposium},
  month =         dec,
  pages =         {151-160},
  publisher =     {IEEE Computer Society Press},
  title =         {A bandwidth inheritance algorithm for real-time task
                   synchronisation in open systems},
  year =          {2001},
  language =      {english},
}

@inproceedings{Lehoczky_LS_87,
  address =       {San Jose},
  author =        {John P. Lehoczky and Lui Sha and Jay K. Strosnider},
  booktitle =     {IEEE Real-Time Systems Symposium},
  pages =         {261--270},
  publisher =     {IEEE Computer Society},
  title =         {Enhanced Aperiodic Responsiveness in Hard-Real-Time
                   Environments},
  year =          {1987},
}

@article{Strosnider_LS_95,
  author =        {Jay K. Strosnider and John P. Lehoczky and Lui Sha},
  journal =       {IEEE Transactions on Computers},
  month =         jan,
  number =        {1},
  pages =         {73--91},
  title =         {The Deferrable Server Algorithm for Enhanced
                   Aperiodic Responsiveness in Hard Real-Time
                   Environments},
  volume =        {44},
  year =          {1995},
}

@article{Leslie_MBRBEFH_96,
  author =        {Ian Leslie and Derek McAuley and Richard Black and
                   Timothy Roscoe and Paul Barham and David Evers and
                   Robin Fairbairns and Eoin Hyden},
  journal =       {IEEE Journal on Selected Areas in Communications},
  pages =         {1280-1297},
  title =         {The Design and Implementation of an Operating System
                   to Support Distributed Multimedia Applications},
  volume =        {14},
  year =          {1996},
}

@inproceedings{Leung_Whitehead_82,
  author =        {J. Y. T. Leung and J. Whitehead},
  booktitle =     {IEEE Real-Time Systems Symposium},
  pages =         {166--171},
  title =         {On the complexity of fixed-priority scheduling of
                   periodic, real-time tasks},
  year =          {1982},
}

@inproceedings{Liedtke_95,
  address =       {Copper Mountain, CO, USA},
  author =        {Jochen Liedtke},
  booktitle =     {ACM Symposium on Operating Systems Principles},
  month =         dec,
  pages =         {237--250},
  title =         {On {\(\mu\)}-Kernel Construction},
  year =          {1995},
}

@manual{Liedtke_96:rm,
  author =        {Jochen Liedtke},
  month =         sep,
  organization =  {GMD/IBM},
  title =         {L4 Reference Manual},
  year =          {1996},
}

@article{Liu_Layland_73,
  author =        {C. Liu and J. Layland},
  journal =       {Journal of the ACM},
  pages =         {46--61},
  title =         {Scheduling Algorithms for Multiprogramming in a Hard
                   Real-Time Environment},
  volume =        {20},
  year =          {1973},
}

@inproceedings{Li_WCM_14,
  address =       {Rome, Italy},
  author =        {Ye Li and Richard West and Zhuoqun Cheng and
                   Eric Missimer},
  booktitle =     {IEEE Real-Time Systems Symposium},
  month =         dec,
  pages =         {272--283},
  publisher =     {IEEE Computer Society},
  title =         {Predictable Communication and Migration in the
                   {Quest-V} Separation Kernel},
  year =          {2014},
}

@article{Lui_AACBBBCLM_04,
  author =        {Lui Sha and Tarek Abdelzaher and
                   Karl-Erik \r{A}rz\'{e}n and Anton Cervin and
                   Theodore Baker and Alan Burns and Giorgio Buttazzo and
                   Marco Caccamo and John Lehoczky and Aloysius K. Mok},
  journal =       {Real-Time Systems},
  month =         nov,
  number =        {2--3},
  pages =         {101-155},
  title =         {Real-Time Scheduling Theory: A Historical
                   Perspective},
  volume =        {28},
  year =          {2004},
}

@inproceedings{Lv_GZDYZ_09,
  address =       {Hangzhou, CN},
  author =        {Lv, Mingsong and Guan, Nan and Zhang, Yi and
                   Deng, Qingxu and Yu, Ge and Zhang, Jianming},
  booktitle =     {Proceedings of the 9th IEEE International Conference
                   on Embedded Systems and Software},
  month =         may,
  pages =         {65--72},
  title =         {A Survey of {WCET} Analysis of Real-Time Operating
                   Systems},
  year =          {2009},
}

@inproceedings{Lyons_Heiser_14,
  address =       {Rome, Italy},
  author =        {Lyons, Anna and Heiser, Gernot},
  booktitle =     {Workshop on Mixed Criticality Systems},
  NOeditor = {{Rob Davis and Liliana Cucu-Grosjean}},
  month =         dec,
  pages =         {9--14},
  title =         {Mixed-Criticality Support in a High-Assurance,
                   General-Purpose Microkernel},
  year =          {2014},
}

@inproceedings{Lyons_MAH_18,
  address =       {Porto, Portugal},
  author =        {Lyons, Anna and Mcleod, Kent and Almatary, Hesham and
                   Heiser, Gernot},
  booktitle =     {EuroSys Conference},
  month =         apr,
  publisher =     {ACM},
  type =          {Conference Paper - Refereed},
  title =         {Scheduling-Context Capabilities: {A} Principled,
                   Light-Weight {OS} Mechanism for Managing Time},
  year =          {2018},
}

@article{Mancina_LFHGT_09,
  author =        {Antonio Mancina and Dario Faggioli and
                   Guiseppe Lipari and Jorrit N. Herder and Ben Gras and
                   Andrew S. Tanenbaum},
  journal =       {Real-Time Systems},
  month =         aug,
  number =        {2},
  pages =         {177--210},
  title =         {Enhancing a dependable multiserver operating system
                   with temporal protection via resource reservations},
  volume =        {48},
  year =          {2009},
}

@online{Mars_Pathfinder,
  author =        {Michael B. Jones},
  title =         {What really happened on {Mars}?},
  year =          {1997},
  url =           {http://www.cs.cornell.edu/courses/cs614/1999sp/papers/
                  pathfinder.html},
}

@mastersthesis{McLeod:be,
  address =       {Sydney, Australia},
  author =        {Kent {McLeod}},
  month =         oct,
  school =        {School of Electrical Engineering and
                   Telecommunication},
  type =          {{BE} Thesis},
  title =         {Usermode {OS} Components on {seL4} with Rump Kernels},
  year =          {2016},
}

@inproceedings{Mercer_RZ_94,
  address =       {San Juan, Puerto Rico},
  author =        {Cliff Mercer and Raguanthan Rajkumar and Jim Zelenka},
  booktitle =     {Proceedings of the 11th IEEE Workshop on Real-Time
                   Operating Systems and Software},
  month =         may,
  pages =         {79--83},
  publisher =     {IEEE Computer Society},
  title =         {Temporal Protection in Real-Time Operating Systems},
  year =          {1994},
}

@inproceedings{Mercer_ST_93,
  address =       {Napa, CA, US},
  author =        {Cliff Mercer and Stefan Savage and Hideyuki Tokuda},
  booktitle =     {Workshop on Workstation Operating Systems},
  pages =         {129--134},
  publisher =     {IEEE Computer Society},
  title =         {Processor Capacity Reserves: An abstraction for
                   managing processor usage},
  year =          {1993},
}

@phdthesis{Mok:phd,
  address =       {Cambridge, MA, US},
  author =        {A. K. Mok},
  school =        {Massachusetts Institute of Technology},
  title =         {Fundamental Design Problems of Distributed Systems
                   for the Hard Real-Time Environment},
  year =          {1983},
}

@inproceedings{Murray_MBGBSLGK_13,
  address =       {San Francisco, CA},
  author =        {Murray, Toby and Matichuk, Daniel and
                   Brassil, Matthew and Gammie, Peter and
                   Bourke, Timothy and Seefried, Sean and Lewis, Corey and
                   Gao, Xin and Klein, Gerwin},
  booktitle =     {IEEE Symposium on Security and Privacy},
  month =         may,
  pages =         {415--429},
  title =         {{seL4}: from General Purpose to a Proof of
                   Information Flow Enforcement},
  year =          {2013},
  NOdoi = {10.1109/SP.2013.35},
}

@online{NetBSD:url,
  author =        {{The NetBSD Foundation}},
  key =           {NetBSD},
  title =         {{NetBSD}},
  year =          {2018},
  url =           {https://www.netbsd.org},
}

@inproceedings{Oikawa_Rajkumar_98,
  address =       {Madrid, Spain},
  author =        {Shuichi Oikawa and Ragunathan Rajkumar},
  booktitle =     {IEEE Real-Time Systems Symposium},
  pages =         {111--120},
  publisher =     {IEEE Computer Society},
  title =         {Linux/{RK}: A portable resource kernel in {Linux}},
  year =          {1998},
}

@inproceedings{Parmer_10,
  address =       {Brussels, BE},
  author =        {Gabriel Parmer},
  booktitle =     {Workshop on Operating System Platforms for Embedded
                   Real-Time Applications (OSPERT)},
  month =         jul,
  pages =         {91--100},
  publisher =     {ACM},
  title =         {The Case for Thread Migration: Predictable {IPC} in a
                   Customizable and Reliable {OS}},
  year =          {2010},
}

@phdthesis{Parmer:phd,
  address =       {Boston, MA, US},
  author =        {Gabriel Parmer},
  month =         aug,
  school =        {Boston Univertisy},
  title =         {Composite: A component-based operating system for
                   predictable and dependable computing},
  year =          {2009},
}

@inproceedings{Parmer_West_11,
  address =       {Washington, DC, US},
  author =        {Gabriel Parmer and Richard West},
  booktitle =     {IEEE Real-Time Systems Symposium},
  month =         apr,
  pages =         {180--190},
  publisher =     {IEEE Computer Society},
  title =         {{HiRes}: A System for Predictable Hierarchical
                   Resource Management},
  year =          {2011},
}

@inproceedings{Peter_SBBIHR_10,
  address =       {Berkeley, CA, USA},
  author =        {Simon Peter and Adrian Sch\"{u}pbach and Paul Barham and
                   Andrew Baumann and Rebecca Isaacs and Tim Harris and
                   Timothy Roscoe},
  booktitle =     {Workshop on Hot Topics in Parallelism},
  pages =         {10--10},
  publisher =     {USENIX Association},
  title =         {Design principles for end-to-end multicore
                   schedulers},
  year =          {2010},
}

@inbook{Petters_EH_12,
  author =        {Petters, Stefan M and Elphinstone, Kevin and
                   Heiser, Gernot},
  booktitle =     {Advances in Real-Time Systems},
  NOeditor = {{Samarjit Chakraborty and J\"org Ebersp\"acher}},
  month =         jan,
  pages =         {191--206},
  publisher =     {Springer},
  series =        {Signals \& Communication},
  title =         {Trustworthy Real-Time Systems},
  year =          {2012},
  NOisbn = {978-3-642-24348-6},
}

@online{PikeOS:URL,
  author =        {{SysGo}},
  key =           {PikeOS},
  title =         {{PikeOS} Hypervisor},
  year =          {2012},
  url =           {http://www.sysgo.com/products/pikeos-hypervisor},
}

@manual{QNX_10,
  edition =       {6.5.0},
  organization =  {QNX Software Systems Co.},
  title =         {{QNX} Neutrino System Architecture [6.5.0]},
  year =          {2010},
}

@inproceedings{Rajkumar_90,
  author =        {Ragunathan Rajkumar},
  booktitle =     {Proceedings of the 10th IEEE International Conference
                   on Distributed Computing Systems},
  month =         jun,
  pages =         {116--123},
  title =         {Real-time synchronization protocols for shared memory
                   multiprocessors.},
  year =          {1990},
}

@inproceedings{Rajkumar_JMO_98,
  author =        {Raj Rajkumar and Kanaka Juvva and Anastasio Molano and
                   Shuichi Oikawa},
  booktitle =     {Proc. SPIE3310, Multimedia Computing and Networking},
  title =         {Resource kernels: a resource-centric approach to
                   real-time and multimedia systems},
  year =          {1998},
}

@inproceedings{Ramos_Thuel_Lehoczky_93,
  author =        {Sandra Ramos-Thuel and John P. Lehoczky},
  booktitle =     {Proceedings of the 14th IEEE Real-Time Systems
                   Symposium},
  pages =         {160--171},
  title =         {On-Line Scheduling of Hard Deadline Aperiodic Tasks
                   in Fixed-Priority Systems},
  year =          {1993},
}

@online{redis:url,
  author =        {RedisLabs},
  key =           {Redis},
  title =         {Redis},
  year =          {2009},
  url =           {https://redis.io},
}

@online{RTEMS:URL,
  key =           {RTEMS},
  title =         {{RTEMS}},
  year =          {2012},
  url =           {https://www.rtems.org},
}

@inproceedings{Ruocco_06,
  address =       {Dresden, Germany},
  author =        {Sergio Ruocco},
  booktitle =     {Proceedings of the 2nd Workshop on Operating System
                   Platforms for Embedded Real-Time Applications
                   (OSPERT)},
  month =         jul,
  title =         {{Real-Time Programming and L4 Microkernels}},
  year =          {2006},
}

@manual{seL417,
  author =        {Trustworthy Systems Team, Data61},
  month =         sep,
  title =         {seL4 Reference Manual, Version 7.0.0},
  year =          {2017},
}

@inproceedings{Sewell_KH_16,
  address =       {Vienna, Austria},
  author =        {Sewell, Thomas and Kam, Felix and Heiser, Gernot},
  booktitle =     {IEEE Real-Time and Embedded Technology and
                   Applications Symposium (RTAS)},
  month =         apr,
  title =         {Complete, High-Assurance Determination of Loop Bounds
                   and Infeasible Paths for {WCET} Analysis},
  year =          {2016},
}

@inproceedings{Sewell_WGMAK_11,
  address =       {Nijmegen, The Netherlands},
  author =        {Sewell, Thomas and Winwood, Simon and Gammie, Peter and
                   Murray, Toby and Andronick, June and Klein, Gerwin},
  booktitle =     {International Conference on Interactive Theorem
                   Proving},
  NOeditor = {{Marko van Eekelen, Herman Geuvers, Julien Schmaltz, and
                   Freek Wiedijk}},
  month =         aug,
  pages =         {325--340},
  publisher =     {Springer},
  title =         {{seL4} Enforces Integrity},
  year =          {2011},
  NOdoi = {10.1007/978-3-642-22863-6_24},
}

@inproceedings{Shapiro_SF_99,
  address =       {Charleston, SC, USA},
  author =        {Jonathan S. Shapiro and Jonathan M. Smith and
                   David J. Farber},
  booktitle =     {ACM Symposium on Operating Systems Principles},
  month =         dec,
  pages =         {170--185},
  publisher =     {ACM},
  title =         {{EROS}: A Fast Capability System},
  year =          {1999},
}

@article{Sha_RL_90,
  author =        {Lui Sha and Ragunathan Rajkumar and John P. Lehoczky},
  journal =       {IEEE Transactions on Computers},
  month =         sep,
  number =        {9},
  pages =         {1175--1185},
  title =         {Priority inheritance protocols: an approach to
                   real-time synchronization},
  volume =        {39},
  year =          {1990},
}

@misc{Singh_15,
  address =       {Washington, DC, US},
  author =        {Santokh Singh},
  month =         feb,
  number =        {DOT HS 812 115},
  organization =  {National Highway Traffic Safety Administration},
  title =         {Critical reasons for crashes investigated in the
                   {National Motor Vehicle Causation Survey}},
  year =          {2015},
  url =           {https://crashstats.nhtsa.dot.gov/Api/Public/ViewPublication/
                  812115},
}

@article{Sprunt_SL_89a,
  author =        {Brinkley Sprunt and Lui Sha and John K. Lehoczky},
  journal =       {Real-Time Systems},
  month =         jun,
  number =        {1},
  pages =         {27--60},
  title =         {Aperiodic Task Scheduling for Hard-Real-Time Systems},
  volume =        {1},
  year =          {1989},
}

@inproceedings{Spuri_Buttazzo_94,
  author =        {Marco Spuri and Giorgio Buttazzo},
  booktitle =     {IEEE Real-Time Systems Symposium},
  month =         dec,
  title =         {Efficient aperiodic service under the earliest
                   deadline scheduling},
  year =          {1994},
}

@article{Srinivasan_Anderson_06,
  author =        {Anand Srinivasan and James H. Anderson},
  journal =       {Journal of Computer and System Sciences},
  number =        {6},
  pages =         {1094--1117},
  title =         {Optimal rate-based scheduling on multiprocessors},
  volume =        {72},
  year =          {2006},
}

@article{Stankovic_88,
  author =        {John A. Stankovic},
  journal =       {IEEE Computer},
  month =         oct,
  title =         {Misconceptions about Real-Time Computing: a Serious
                   Problem for Next Generation Systems},
  year =          {1988},
}

@inproceedings{Stanovic_BW_11,
  author =        {Mark J. Stanovic and Theodore P. Baker and An-I Wang},
  booktitle =     {Real-Time Linux Workshop},
  month =         oct,
  pages =         {219--230},
  title =         {Experience with Sporadic Server Scheduling in
                   {Linux}: Theory vs. Practice},
  year =          {2011},
}

@inproceedings{Stanovic_BWH_10,
  address =       {Stockholm},
  author =        {Mark J. Stanovic and Theodore P. Baker and An-I Wang and
                   Michael Gonz\'{a}lez Harbour},
  booktitle =     {IEEE Real-Time and Embedded Technology and
                   Applications Symposium (RTAS)},
  pages =         {35--45},
  publisher =     {IEEE Computer Society},
  title =         {Defects of the {POSIX} Sporadic Server and How to
                   Correct Them},
  year =          {2010},
}

@inproceedings{Steinberg_BK_10,
  address =       {Brussels, BE},
  author =        {Udo Steinberg and Alexander B\"{o}ttcher and
                   Bernhard Kauer},
  booktitle =     {Workshop on Operating System Platforms for Embedded
                   Real-Time Applications (OSPERT)},
  month =         jul,
  pages =         {16--22},
  publisher =     {IEEE Computer Society},
  title =         {Timeslice Donation in Component-Based Systems},
  year =          {2010},
}

@inproceedings{Steinberg_Kauer_10,
  address =       {Paris, FR},
  author =        {Udo Steinberg and Bernhard Kauer},
  booktitle =     {Proceedings of the 5th EuroSys Conference},
  month =         apr,
  pages =         {209--222},
  publisher =     {ACM},
  title =         {{NOVA}: A Microhypervisor-Based Secure Virtualization
                   Architecture},
  year =          {2010},
}

@inproceedings{Steinberg_WH_05,
  address =       {Palma de Mallorca, ES},
  author =        {Udo Steinberg and Jean Wolter and Hermann H\"{a}rtig},
  booktitle =     {Euromicro Conference on Real-Time Systems},
  month =         jul,
  pages =         {89--97},
  title =         {Fast Component Interaction for Real-Time Systems},
  year =          {2005},
}

@inproceedings{Stoica_AKBGP_96,
  author =        {Ion Stoica and Hussein Abdel-Wahab and Kevin Jeffay and
                   Sanjoy K. Baruah and Johannes E. Gehrke and
                   C. Greg Plaxton},
  booktitle =     {IEEE Real-Time Systems Symposium},
  title =         {A proportional share resource allocation algorithm
                   for real-time, time-shared systems},
  year =          {1996},
}

@inproceedings{VanderLeest_10,
  address =       {Salt Lake City, UT, US},
  author =        {Steven H. VanderLeest},
  booktitle =     {Proceedings of the 29th IEEE/AIAA Digital Avionics
                   Systems Conference (DASC)},
  pages =         {5.E.2-1--5.E.2-20},
  publisher =     {IEEE Aerospace and Electronic System Society},
  title =         {{ARINC} 653 hypervisor},
  year =          {2010},
}

@inproceedings{Vanga_BTB_17,
  address =       {Grenoble, France},
  author =        {Manohar Vanga and Andrea Bastoni and Henrik Theiling and
                   Bj\"{o}rn B. Brandenburg},
  booktitle =     {Proceedings of the 25th International Conference on
                   Real-Time Networks and Systems (RTNS)},
  month =         oct,
  pages =         {227--236},
  publisher =     {ACM},
  title =         {Supporting low-latency, low-criticality tasks in a
                   certified mixed-criticality {OS}},
  year =          {2017},
}

@incollection{Verissimo_NC_03,
  address =       {Berlin, Heidelberg},
  author =        {Paulo Esteves Ver\'{i}ssimo and Nuno Ferreira Neves and
                   Miguel Pupo Correia},
  booktitle =     {Architecting Dependable Systems},
  pages =         {3--36},
  publisher =     {Springer},
  series =        {Lecture Notes in Computer Science},
  title =         {Intrusion-Tolerant Architectures: Concepts and
                   Design},
  volume =        {2677},
  year =          {2003},
}

@inproceedings{Vestal_07,
  author =        {Steve Vestal},
  booktitle =     {IEEE Real-Time Systems Symposium},
  pages =         {239--243},
  title =         {Preemptive Scheduling of Multi-Criticality Systems
                   with Varying Degrees of Execution Time Assurance},
  year =          {2007},
}

@phdthesis{Pathan:phd,
  address =       {G\"{o}teborg, SE},
  author =        {Risat Mahmud Pathan},
  school =        {Department of Computer Science and Engineering,
                   Chalmers University of Technology},
  title =         {Three Aspects of Real-Time Multiprocessor Scheduling:
                   Timeliness, Fault Tolerance, Mixed Criticality},
  year =          {2012},
}

@inproceedings{Volp_LH_13,
  address =       {Vancouver, Canada},
  author =        {Marcus V{\"o}lp and Adam Lackorzynski and
                   Hermann H{\"a}rtig},
  booktitle =     {Proceedings of the 1st Workshop on Mixed Criticality
                   Systems},
  pages =         {13--18},
  publisher =     {IEEE Computer Society},
  title =         {On the Expressiveness of Fixed-Priority Scheduling
                   Contexts for Mixed-Criticality Scheduling},
  year =          {2013},
}

@manual{VxWorks_08,
  edition =       {6.7},
  organization =  {Wind River},
  title =         {{VxWorks} Kernel Programmers Guide},
  year =          {2008},
}

@misc{Wheeler_01,
  author =        {David A. Wheeler},
  howpublished =  {\url{http://www.dwheeler.com/sloccount/}},
  title =         {{SLOCCount}},
  year =          {2001},
}

@inproceedings{Wienand_Macpherson_04,
  address =       {Melbourne, Australia},
  author =        {Ian Wienand and Luke Macpherson},
  booktitle =     {AUUG Winter Conference},
  month =         sep,
  pages =         {163--170},
  title =         {ipbench: A Framework for Distributed Network
                   Benchmarking},
  year =          {2004},
}

@article{Wilhelm_EEHTWBFHMMPPSS_08,
  address =       {New York, NY, US},
  author =        {Reinhard Wilhelm and Jakob Engblom and
                   Andreas Ermedahl and Niklas Holsti and
                   Stephan Thesing and David Whalley and Guillem Bernat and
                   Christian Ferdinand and Reinhold Heckmann and
                   Tulika Mitra and Frank Mueller and Isabelle Puaut and
                   Peter Puschner and Jan Staschulat and
                   Per Stenstr\"{o}m},
  journal =       {ACM Transactions on Embedded Computing Systems},
  number =        {3},
  pages =         {1--53},
  publisher =     {ACM},
  title =         {The worst-case execution-time problem---overview of
                   methods and survey of tools},
  volume =        {7},
  year =          {2008},
  NOissn = {1539-9087},
}

@inproceedings{Yodaiken_Barabanov_97,
  address =       {Anaheim, CA},
  author =        {Victor Yodaiken and Michael Barabanov},
  booktitle =     {Proceedings of the Linux Applications Development and
                   Deployment Conference},
  month =         jan,
  note =          {Satellite Workshop of the 1997 USENIX},
  title =         {A Real-Time {Linux}},
  year =          {1997},
}

@inproceedings{Zuepke_BL_15,
  address =       {San Antonio, Texas},
  author =        {Alexander Zuepke and Marc Bommert and Daniel Lohmann},
  booktitle =     {IEEE Real-Time Systems Symposium},
  month =         apr,
  pages =         {133--144},
  publisher =     {IEEE Computer Society},
  title =         {{AUTOBEST}: a united {AUTOSAR-OS} and {ARINC 653}
                   kernel},
  year =          {2015},
}

